<?xml version="1.0" encoding="UTF-8"?><collection xmlns="http://www.loc.gov/MARC21/slim"><record><leader>00519nam--2200145-i-4500</leader><controlfield tag="001">000031696</controlfield><controlfield tag="002">20161230</controlfield><controlfield tag="005">20161230201038</controlfield><controlfield tag="008">060222s1000------------r-----000-0-eng-d</controlfield><datafield ind1=" " ind2=" " tag="100"><subfield code="a">Magnus, W., Oberhettinger, Fritz</subfield></datafield><datafield ind1=" " ind2=" " tag="245"><subfield code="a">Formeln und satze fur die speziellen funktionen der mathematischen physik 2 auflage</subfield></datafield><datafield ind1=" " ind2=" " tag="260"><subfield code="a">Berlin, Springer Verlag, 1948 Viii+230p</subfield></datafield><datafield ind1=" " ind2=" " tag="490"><subfield code="a">Die Grundlehren Der Mathematischen Wissenschaften ... Herausgegeben Von W. Blaschke</subfield></datafield><datafield ind1=" " ind2=" " tag="852"><subfield code="a">983</subfield><subfield code="c">517.7</subfield></datafield><datafield ind1=" " ind2=" " tag="CAT"><subfield code="a">Sys</subfield><subfield code="c">20080917</subfield><subfield code="h">080721</subfield></datafield></record></collection>